<?xml version="1.0" encoding="UTF-8"?><collection xmlns="http://www.loc.gov/MARC21/slim"><record><leader>00436nam--2200145-i-4500</leader><controlfield tag="001">000011276</controlfield><controlfield tag="002">20161230</controlfield><controlfield tag="005">20161230201029</controlfield><controlfield tag="008">060222s1000------------r-----000-0-eng-d</controlfield><datafield ind1=" " ind2=" " tag="080"><subfield code="a">539.126.33:539.124:539.124.(047.3)</subfield></datafield><datafield ind1=" " ind2=" " tag="100"><subfield code="a">Achiman, Y. And Walsh, T.F</subfield></datafield><datafield ind1=" " ind2=" " tag="245"><subfield code="a">Flavor chaning neutral currents and multilepsions in e+e- andn,n</subfield></datafield><datafield ind1=" " ind2=" " tag="260"><subfield code="a">Hamburg, Deutsches Elektronen-synchrotron 1976 12 P</subfield></datafield><datafield ind1=" " ind2=" " tag="490"><subfield code="a">76/56</subfield></datafield><datafield ind1=" " ind2=" " tag="852"><subfield code="a">52685</subfield></datafield></record></collection>